@article{Goodenough:17,
    author = {Adam A. Goodenough and Scott D. Brown},
    title = {DIRSIG5: Next-Generation Remote Sensing Data and Image Simulation Framework},
    year = {2017},
    journal = {IEEE Journal of Selected Topics in Applied Earth Observations and Remote Sensing},
    volume = {10},
    number = {11},
    month = {Nov},
    pages = {4818-4833}
}
@article{Heitz:14,
    author = {E. Heitz},
    title = {Understanding the masking-shadowing function in microfacet-based BRDFs},
    journal = {Journal of Computer Graphics Techniques (JCGT)},
    year = {2014},
    month = {June},
    volume = {3},
    number = {2},
    pages = {48-107},
    issn = {2331-7418}
}
@article{Heitz:16,
    author = {E. Heitz and J. Hanika and E. d'Eon and C. Dachsbacher},
    title = {Multiple-scattering microfacet BSDFs with the Smith model},
    year = {2016},
    month = {July},
    journal = {ACM Transactions on Graphics},
    volume = {35},
    number = {4},
    pages = {1-58},
    issn = {0730-0301}
}
